<?xml version="1.0" encoding="UTF-8"?><record xmlns="http://www.loc.gov/MARC21/slim" xmlns:cinclude="http://apache.org/cocoon/include/1.0" xmlns:zs="http://www.loc.gov/zing/srw/">
  <leader>01196cz  a2200313n  4500</leader>
  <controlfield tag="001">n  42001325 </controlfield>
  <controlfield tag="003">DLC</controlfield>
  <controlfield tag="005">20010504071252.0</controlfield>
  <controlfield tag="008">821221n| acaaaaaan          |a ana     c</controlfield>
  <datafield tag="010" ind1=" " ind2=" ">
    <subfield code="a">n  42001325 </subfield>
  </datafield>
  <datafield tag="035" ind1=" " ind2=" ">
    <subfield code="a">(OCoLC)oca00001249</subfield>
  </datafield>
  <datafield tag="040" ind1=" " ind2=" ">
    <subfield code="a">DGPO/DLC</subfield>
    <subfield code="c">DLC</subfield>
    <subfield code="d">DLC</subfield>
    <subfield code="d">DLC-S</subfield>
  </datafield>
  <datafield tag="130" ind1=" " ind2="0">
    <subfield code="a">Air Force recurring publication</subfield>
  </datafield>
  <datafield tag="410" ind1="1" ind2=" ">
    <subfield code="a">United States.</subfield>
    <subfield code="b">Air Force.</subfield>
    <subfield code="t">Air Force recurring publication</subfield>
  </datafield>
  <datafield tag="430" ind1=" " ind2="0">
    <subfield code="a">A.F.R.P.</subfield>
  </datafield>
  <datafield tag="430" ind1=" " ind2="0">
    <subfield code="a">AFRP</subfield>
  </datafield>
  <datafield tag="430" ind1=" " ind2="0">
    <subfield code="a">Air Force recurring periodical</subfield>
  </datafield>
  <datafield tag="430" ind1=" " ind2="0">
    <subfield code="a">USAF recurring publication</subfield>
  </datafield>
  <datafield tag="530" ind1=" " ind2="0">
    <subfield code="w">a</subfield>
    <subfield code="a">USAF periodical</subfield>
  </datafield>
  <datafield tag="642" ind1=" " ind2=" ">
    <subfield code="a">127-2</subfield>
    <subfield code="5">DLC</subfield>
  </datafield>
  <datafield tag="643" ind1=" " ind2=" ">
    <subfield code="a">Washington, D.C.</subfield>
    <subfield code="b">Dept. of the Air Force Inspector General USAF</subfield>
  </datafield>
  <datafield tag="644" ind1=" " ind2=" ">
    <subfield code="a">f</subfield>
    <subfield code="5">DLC</subfield>
  </datafield>
  <datafield tag="645" ind1=" " ind2=" ">
    <subfield code="a">t</subfield>
    <subfield code="5">DLC</subfield>
  </datafield>
  <datafield tag="646" ind1=" " ind2=" ">
    <subfield code="a">s</subfield>
    <subfield code="5">DLC</subfield>
  </datafield>
  <datafield tag="667" ind1=" " ind2=" ">
    <subfield code="a">Document.</subfield>
  </datafield>
  <datafield tag="670" ind1=" " ind2=" ">
    <subfield code="a">Flying safety (Washington, D.C. : 1981) Flying safety.</subfield>
  </datafield>
  <datafield tag="670" ind1=" " ind2=" ">
    <subfield code="a">Aerospace safety, Mar. 1960:</subfield>
    <subfield code="b">verso of t.p. (USAF recurring publication)</subfield>
  </datafield>
  <datafield tag="670" ind1=" " ind2=" ">
    <subfield code="a">Aircraft accident and maintenance review, Jan. 1960:</subfield>
    <subfield code="b">masthead (USAF periodical 62-2); Feb. 1960: masthead (USAF recurring publication 62-2)     </subfield>
  </datafield>
  <datafield tag="670" ind1=" " ind2=" ">
    <subfield code="a">Aerospace power journal, spring 2000:</subfield>
    <subfield code="b">contents p. (AFRP) p. 3 of cover (Air Force recurring publication)</subfield>
  </datafield>
</record>